
@article {ordiantique,
  author  = {Peter Adams}, 
  title   = {Un ordinateur antique},
  journal = {Pour la Science},
  year    = 1988,
  number  = 128,
  pages   = {102-105},
  month   = 5,
  note    = {Un ordinateur avec des cordes et des poulies}, 
}

@online  {semiconducteurs,
  author = "courstechinfo.be",
  title  = "les Semi-Conducteurs",
  url    = "https://www.courstechinfo.be/Hard/SemiConducteur.html",
  addendum = "(accessed: 25.09.2021)",
  keywords = "semi-conducteurs, FET, bipolaire, MOSFET",
  howpublished = {\textit{Available at https://www.courstechinfo.be/Hard/SemiConducteur.html}}
}

@online  {transistor,
  author = "Youtube/thonain",
  title  = "TRONIK AVENTUR 7 - TRANSISTOR - ELECTRONIQUE DEBUTANTS",
  url    = "https://youtu.be/8ySvxf-0wuQ",
  addendum = "(accessed: 26.09.2021)",
  howpublished = {\textit{Available at \url{https://youtu.be/8ySvxf-0wuQ}}}
}

@online {effetdechamp,
  author = "Wikipedia",
  title  = "Transistor à effet de champ",
  url    = "https://fr.wikipedia.org/wiki/Transistor_\%C3\%A0_effet_de_champ"
  }
  
@online {fonctionlogique,
  author = "Wikipedia",
  title  = "Fonction logique",
  url    = "https://fr.wikipedia.org/wiki/Fonction_logique"
  }

@online{systemeslogiquesI,
  author  = {Jean-François Harvey, Mohamad Sawan}, 
  title   = {Systèmes Logiques I },
  note    = {Université de Montréal}, 
  addendum = "Département de génie électrique et de génie informatique",
  month   = "September",
  year    = 1999,
  url     = "https://docplayer.fr/19358361-Systemes-logiques-i-quatrieme-edition.html"
}

